<?xml version="1.0" encoding="UTF-8"?><collection xmlns="http://www.loc.gov/MARC21/slim"><record><leader>00405nam--2200145-i-4500</leader><controlfield tag="001">000011225</controlfield><controlfield tag="002">20161230</controlfield><controlfield tag="005">20161230201029</controlfield><controlfield tag="008">060222s1000------------r-----000-0-eng-d</controlfield><datafield ind1=" " ind2=" " tag="080"><subfield code="a">539.172.3(047)</subfield></datafield><datafield ind1=" " ind2=" " tag="100"><subfield code="a">Ackermann, H. /S.A.</subfield></datafield><datafield ind1=" " ind2=" " tag="245"><subfield code="a">Virtual photoproduction of protons on hydrogen</subfield></datafield><datafield ind1=" " ind2=" " tag="260"><subfield code="a">Hamburg, Deutsches Electronen-synchrotron, 1976 27 P. + 11 Figuri</subfield></datafield><datafield ind1=" " ind2=" " tag="490"><subfield code="a">76/44</subfield></datafield><datafield ind1=" " ind2=" " tag="852"><subfield code="a">51863</subfield></datafield></record></collection>